@article{jia2014caffe,
  Author = {Jia, Yangqing and Shelhamer, Evan and Donahue, Jeff and Karayev, Sergey and Long, Jonathan and Girshick, Ross and Guadarrama, Sergio and Darrell, Trevor},
  Title = {Caffe: Convolutional Architecture for Fast Feature Embedding},
  Journal = {arXiv preprint arXiv:1408.5093},
  Year = {2014}
}

@article{fpgaConvNet,
	Author = {Stylianos I. Venieris and Christos-Savvas Bouganis},
	Title = {fpgaConvNet: A Framework for Mapping Convolutional Neural Networks on FPGAs},
	Journal = {2016 IEEE 24th Annual International Symposium on Field-Programmable Custom Computing Machines},
	Year = {2016}
}

@article{fpgaCnnAccelerator,
	Author = {Naveen Suda and Vikas Chandra and Ganesh Dasika and Abinash Mohanty and Yufei Ma and Sarma Vrudhula and Jae-sun Seo and Yu Cao},
	Title = {Throughput-Optimized OpenCL-based FPGA Accelerator for Large-Scale Convolutional Neural Networks},
	Journal = {FPGA’16, February 21-23, 2016, Monterey, CA, USA},
	Year = {2016}
}

@article{embeddedFpgaCnn,
	Author = {Jiantao Qiu and Jie Wang and Song Yao and Kaiyuan Guo and Boxun Li and Erjin Zhou and Jincheng Yu and Tianqi Tang and Ningyi Xu and Sen Song and Yu Wang and Huazhong Yang},
	Title = {Going Deeper with Embedded FPGA Platform for Convolutional Neural Network},
	Journal = {FPGA’16, February 21-23, 2016, Monterey, CA, USA},
	Year = {2016}
}

@article{,
	Author = {},
	Title = {},
	Journal = {},
	Year = {}
}
