@article{jia2014caffe,
author = {Jia, Yangqing and Shelhamer, Evan and Donahue, Jeff and Karayev, Sergey and Long, Jonathan and Girshick, Ross and Guadarrama, Sergio and Darrell, Trevor},
title = {Caffe: Convolutional Architecture for Fast Feature Embedding},
journal = {arXiv preprint arXiv:1408.5093},
year = {2014}
}

@article{fpgaConvNet,
author = {Stylianos I. Venieris and Christos-Savvas Bouganis},
title = {fpgaConvNet: A Framework for Mapping Convolutional Neural Networks on FPGAs},
journal = {IEEE 24th Annual International Symposium on Field-Programmable Custom Computing Machines},
year = {2016}
}

@article{SudaFpgaAccelerator,
author = {Naveen Suda and Vikas Chandra and Ganesh Dasika and Abinash Mohanty and Yufei Ma and Sarma Vrudhula and Jae-sun Seo and Yu Cao},
title = {Throughput-Optimized OpenCL-based FPGA Accelerator for Large-Scale Convolutional Neural Networks},
journal = {FPGA},
year = {2016}
}

@article{embeddedFpgaCnn,
author = {Jiantao Qiu and Jie Wang and Song Yao and Kaiyuan Guo and Boxun Li and Erjin Zhou and Jincheng Yu and Tianqi Tang and Ningyi Xu and Sen Song and Yu Wang and Huazhong Yang},
title = {Going Deeper with Embedded FPGA Platform for Convolutional Neural Network},
journal = {FPGA},
year = {2016}
}

@article{SeuTutorial,
author = {Fan Wang and Vishwani D. Agrawal},
title = {Single Event Upset: An Embedded Tutorial},
journal = {21st International Conference on VLSI Design},
year = {2008}
}

@article{RadHardFpga,
author = {Leonard Rockett and Dinu Patel and Steven Danziger and Brian Cronquist and J.J. Wang},
title = {Radiation Hardened FPGA Technology for Space Applications},
journal = {EEEAC paper 1305},
year = {2006}
}

@article{FTripleMR,
author = {Sandi Habinc},
title = {Functional Triple Modular Redundancy (FTMR) - VHDL Design Methodology for Redundancy in Combinatorial and Sequential Logic},
journal = {Gaisler Research},
year = {2002}
}

@article{SuitabilityGaisler,
author = {Sandi Habinc},
title = {Suitability of reprogrammable FPGAs in space applications},
journal = {Gaisler Research},
year = {2002}
}

@article{FaultInjection,
author = {Bradley Dutton and Mustafa Ali and Charles Stroud and John Sunwoo},
title = {Embedded Processor Based Fault Injection and SEU Emulation for FPGAs},
journal = {International Conf. on Embedded Systems and Applications},
year = {2009}
}

@article{AlexNet,
author = {Alex Krizhevsky and Ilya Sutskever and Geoffrey E. Hinton},
title = {ImageNet Classification with Deep Convolutional Neural Networks},
journal = {NIPS},
year = {2012}
}


@InProceedings{PoolAnalysis,
author = {Y-Lan Boureau and Jean Ponce and Yann LeCun},
title = {A Theoretical Analysis of Feature Pooling in Visual Recognition},
booktitle = {Proceedings of the 27th International Conference
on Machine Learning},
year = {2010}
}

@Article{PeemeenFpgaAccelerator,
author = {Maurice Peemen and Arnaud A. A. Setio and Bart Mesman and Henk Corporaal},
title = {Memory-Centric Accelerator Design for Convolutional Neural Networks},
journal = {ICCD},
year = {2013}
}

@Article{ZhangFpgaAccelerator,
author = {Chen Zhang and Peng Li and Guangyu Sun and Yijin Guan and Bingjun Xiao and Jason Cong},
title = {Optimizing FPGA-based Accelerator Design for Deep Convolutional Neural Networks},
journal = {FPGA,},
year = {2015}
}

@InProceedings{GokhaleFpgaAccelerator,
author = {Vinayak Gokhale and Jonghoon Jin and Aysegul Dundar and Berin Martini and Eugenio Culurciello},
title = {A 240 G-ops/s Mobile Coprocessor for Deep Neural Networks},
booktitle = {CVPR Workshops},
year = {2014}
}

@InProceedings{ChakradharFpgaAccelerator,
author = {Srimat Chakradhar and Murugan Sankaradas and Venkata Jakkula and Srihari Cadambi},
title = {A Dynamically Configurable Coprocessor for Convolutional Neural Networks},
booktitle = {ISCA},
year = {2010}
}

@InProceedings{FarabetFpgaAccelerator,
author = {Clément Farabet and Berin Martini and Polina Akselrod and Selçuk Talay and Yann LeCun and Eugenio Culurciello},
title = {Hardware Accelerated Convolutional Neural Networks for Synthetic Vision Systems},
booktitle = {ISCAS},
year = {2010}
}

@Article{ImageNetChallenge,
author = {Olga Russakovsky and Jia Deng and Hao Su and Jonathan Krause and Sanjeev Satheesh and Sean Ma and Zhiheng Huang and Andrej Karpathy and
Aditya Khosla and Michael Bernstein and Alexander C. Berg and Li Fei-Fei},
title = {ImageNet Large Scale Visual Recognition Challenge},
journal = {Int. J. Computer Vision},
year = {2015}
}

@Article{neocognitron,
author = {Kunihiko Fukushima},
title = {Neocognitron: A Self-organizing Neural Network Model for a Mechanism of Pattern Recognition Unaffected by Shift in Position},
journal = {Biol. Cybernetics 36},
year = {1980}
}

@Manual{ManualSEM,
title = {LogiCORE IP Soft Error Mitigation Controller v4.0},
organization = {Xilinx},
year = {2013}
}

@InProceedings{CadambiFpgaAccelerator,
author = {S. Cadambi and A. Majumdar and M. Becchi and S. Chakradhar and
H. P. Graf},
title = {A programmable parallel accelerator for learning and classification},
booktitle = {19th international conference on Parallel architectures and compilation techniques},
year = {2008}
}

@Manual{ManualZynq,
title = {Zynq-7000 All Programmable SoC Overview},
organization = {Xilinx},
year = {2016}
}

@InProceedings{HLS,
author = {Razvan Nane and Vlad-Mihai Sima and Christian Pilato and Jongsok Choi and Blair Fort and Andrew Canis and Yu Ting Chen and Hsuan Hsiao and Stephen Brown and Fabrizio Ferrandi and Jason Anderson and Koen Bertels},
title = {A Survey and Evaluation of FPGA High-Level Synthesis Tools},
booktitle = {IEEE Transactions on Computer-Aided Design of Integrated Circuits and Systems},
year = {2015}
}

@InProceedings{ChenFpgaAccelerator,
author = {Tianshi Chen and Zidong Du and Ninghui Sun and Jia Wang and Chengyong Wu and Yunji Chen and Olivier Temam},
title = {Diannao: A small-footprint high-throughput accelerator for ubiquitous machine-learning},
booktitle = {ASPLOS},
year = {2014}
}

@TechReport{DeepNetworks,
author = {Yoshua Bengio},
title = {Learning Deep Architectures for AI},
institution = {Dept. IRO, Universite de Montreal},
year = {2009}
}

@Misc{neuron,
OPTauthor = {Andrej Karpathy},
OPTtitle = {Neural Networks Part 1: Setting up the Architecture},
howpublished = {http://cs231n.github.io/neural-networks-1/}
}

@Misc{fc2conv,
OPTauthor = {Pau Carré Cardona},
OPTtitle = {How to convert fully connected layers into equivalent convolutional ones},
howpublished = {http://tech.gilt.com/deep/learning/2016/05/18/fully-connected-to-convolutional-conversion},
year={2016}
}